<record><leader>00000cas a2200000 a 4500</leader><controlfield tag="001">36981605</controlfield><controlfield tag="008">970529d19uu1991nyuwr ne      0    0eng c</controlfield><datafield ind1=" " ind2=" " tag="010"><subfield code="a">sn 97063672 </subfield></datafield><datafield ind1=" " ind2=" " tag="040"><subfield code="a">NYS</subfield><subfield code="b">eng</subfield><subfield code="c">NYS</subfield><subfield code="d">OCLCQ</subfield><subfield code="d">OCLCF</subfield><subfield code="d">OCLCO</subfield></datafield><datafield ind1="1" ind2=" " tag="029"><subfield code="a">AU@</subfield><subfield code="b">000013538938</subfield></datafield><datafield ind1=" " ind2=" " tag="042"><subfield code="a">pcc</subfield></datafield><datafield ind1=" " ind2=" " tag="043"><subfield code="a">n-us-ny</subfield></datafield><datafield ind1="0" ind2="0" tag="245"><subfield code="a">Nassau illustrated news.</subfield></datafield><datafield ind1="1" ind2="3" tag="246"><subfield code="a">Publicity news combined with the Nassau illustrated news</subfield><subfield code="f">&lt;Mar. 30, 1965&gt;-1991</subfield></datafield><datafield ind1=" " ind2=" " tag="260"><subfield code="a">New Hyde Park, N.Y. :</subfield><subfield code="b">Publicity News,</subfield><subfield code="c">-1991.</subfield></datafield><datafield ind1=" " ind2=" " tag="300"><subfield code="a">v. :</subfield><subfield code="b">ill.</subfield></datafield><datafield ind1=" " ind2=" " tag="310"><subfield code="a">Weekly</subfield></datafield><datafield ind1="0" ind2=" " tag="362"><subfield code="a">-v. 63, no. 24 (Feb. 22, 1991).</subfield></datafield><datafield ind1=" " ind2=" " tag="500"><subfield code="a">Covering: Mineola and New Hyde Park, also Albertson, Garden City Park, the Herricks, Searingtown and the Willistons.</subfield></datafield><datafield ind1=" " ind2=" " tag="500"><subfield code="a">Later published in Mineola, N.Y.</subfield></datafield><datafield ind1=" " ind2=" " tag="580"><subfield code="a">Other eds.: Suffolk illustrated news, 1972-&lt;1974&gt;; Hicksville illustrated news, 1986-&lt;1997&gt;.</subfield></datafield><datafield ind1=" " ind2=" " tag="588"><subfield code="a">Description based on: Vol. 36, no. 47 (Mar. 30, 1965).</subfield></datafield><datafield ind1=" " ind2="0" tag="651"><subfield code="a">New Hyde Park (N.Y.)</subfield><subfield code="v">Newspapers.</subfield></datafield><datafield ind1=" " ind2="0" tag="651"><subfield code="a">Mineola (N.Y.)</subfield><subfield code="v">Newspapers.</subfield></datafield><datafield ind1=" " ind2="0" tag="651"><subfield code="a">Nassau County (N.Y.)</subfield><subfield code="v">Newspapers.</subfield></datafield><datafield ind1=" " ind2="7" tag="655"><subfield code="a">Newspapers.</subfield><subfield code="2">fast</subfield><subfield code="0">(OCoLC)fst01423814</subfield></datafield><datafield ind1=" " ind2="7" tag="651"><subfield code="a">New York (State)</subfield><subfield code="z">Mineola.</subfield><subfield code="2">fast</subfield><subfield code="0">(OCoLC)fst01223780</subfield></datafield><datafield ind1=" " ind2="7" tag="651"><subfield code="a">New York (State)</subfield><subfield code="z">Nassau County.</subfield><subfield code="2">fast</subfield><subfield code="0">(OCoLC)fst01205518</subfield></datafield><datafield ind1=" " ind2="7" tag="651"><subfield code="a">New York (State)</subfield><subfield code="z">New Hyde Park.</subfield><subfield code="2">fast</subfield><subfield code="0">(OCoLC)fst01224134</subfield></datafield><datafield ind1=" " ind2=" " tag="752"><subfield code="a">United States</subfield><subfield code="b">New York</subfield><subfield code="c">Nassau</subfield><subfield code="d">Mineola.</subfield></datafield><datafield ind1="1" ind2=" " tag="775"><subfield code="t">Suffolk illustrated news</subfield><subfield code="g">1972-&lt;1974&gt;</subfield><subfield code="w">(DLC)sn 97063673</subfield><subfield code="w">(OCoLC)37503094</subfield></datafield><datafield ind1="1" ind2=" " tag="775"><subfield code="t">Hicksville illustrated news</subfield><subfield code="g">1986-&lt;1997&gt;</subfield><subfield code="w">(DLC)sn 87001895</subfield><subfield code="w">(OCoLC)16687469</subfield></datafield><datafield ind1="0" ind2="5" tag="780"><subfield code="t">Publicity-news</subfield><subfield code="w">(DLC)sn 97063671</subfield><subfield code="w">(OCoLC)37502829</subfield></datafield><datafield ind1="0" ind2="0" tag="785"><subfield code="t">Illustrated news of New Hyde Park, Mineola, and Williston Park</subfield><subfield code="w">(DLC)sn 97063673</subfield><subfield code="w">(OCoLC)36837459</subfield></datafield></record>